<record>
  <leader>01100nem a2200265 a 4500</leader>
  <controlfield tag="001">991000096479702696</controlfield>
  <controlfield tag="005">20170202120803.0</controlfield>
  <controlfield tag="008">051118s1917    xx            001 0 eng u</controlfield>
  <datafield tag="035" ind1=" " ind2=" ">
    <subfield code="a">(IL-JeALB)10248-972ai_inst</subfield>
  </datafield>
  <datafield tag="035" ind1=" " ind2=" ">
    <subfield code="a">10248</subfield>
    <subfield code="9">ExL</subfield>
  </datafield>
  <datafield tag="035" ind1=" " ind2=" ">
    <subfield code="a">map00000060</subfield>
  </datafield>
  <datafield tag="110" ind1="1" ind2=" ">
    <subfield code="a">Survey of Egypt</subfield>
  </datafield>
  <datafield tag="245" ind1="1" ind2="0">
    <subfield code="a">Composite Map East of Jordan.</subfield>
    <subfield code="h">[map]</subfield>
  </datafield>
  <datafield tag="250" ind1=" " ind2=" ">
    <subfield code="a">2nd Edition, 3rd Edition.</subfield>
  </datafield>
  <datafield tag="255" ind1=" " ind2=" ">
    <subfield code="a">Scale 1:63,360.</subfield>
  </datafield>
  <datafield tag="260" ind1=" " ind2=" ">
    <subfield code="b">Survey of Egypt,</subfield>
    <subfield code="c">1917-1918.</subfield>
  </datafield>
  <datafield tag="300" ind1=" " ind2=" ">
    <subfield code="a">1 map on 4 sheets ;</subfield>
    <subfield code="c">63.5 x 47.5 cm. and 81 x 59.5 cm. on 4 sheets 91 x 66 cm. or smaller.</subfield>
  </datafield>
  <datafield tag="505" ind1=" " ind2=" ">
    <subfield code="a">Sheets: Ajlun, 2nd ed. (21-17-12A) -- Mafrak (21-17-12B) -- Es Salt, 3rd ed. (21-17-18A) -- Amman, 3rd ed. (21-17-18B).</subfield>
  </datafield>
  <datafield tag="506" ind1=" " ind2=" ">
    <subfield code="a">May require conservation work before use.</subfield>
  </datafield>
  <datafield tag="595" ind1=" " ind2=" ">
    <subfield code="a">Sheet sizes: Ajlun, 89 x 63 cm.; Mafrak, 91 x 66 cm.; Es Salt, 73 x 51 cm.; Amman, 73 x 51 cm.</subfield>
  </datafield>
  <datafield tag="651" ind1=" " ind2="0">
    <subfield code="a">Asia</subfield>
    <subfield code="z">Middle East</subfield>
    <subfield code="z">Jordan</subfield>
    <subfield code="v">Maps.</subfield>
  </datafield>
  <datafield tag="913" ind1=" " ind2=" ">
    <subfield code="1">71</subfield>
    <subfield code="2">Publisher</subfield>
    <subfield code="5">Uncertain</subfield>
    <subfield code="6">Full</subfield>
  </datafield>
  <datafield tag="949" ind1=" " ind2=" ">
    <subfield code="a">MAPS 21-17-12A,B &amp; 21-17-18A,B</subfield>
  </datafield>
  <datafield tag="951" ind1=" " ind2=" ">
    <subfield code="a">178 (21-17-12A), 183 (21-17-12B), 180 (21-17-18A), 179 (21-17-18B).</subfield>
  </datafield>
  <datafield tag="999" ind1=" " ind2=" ">
    <subfield code="a">MAP</subfield>
  </datafield>
</record>
